@article{stute1993strong,
  title={The strong law under random censorship},
  author={Stute, Winfried and Wang, J-L},
  journal={The Annals of Statistics},
  pages={1591--1607},
  year={1993},
  publisher={JSTOR}
}

@article{stute1992strong,
	title = "Strong consistency under the {K}oziol-{G}reen model",
	journal = "Statistics {\&} Probability Letters",
	volume = "14",
	number = "4",
	pages = "313 - 320",
	year = "1992",
	issn = "0167-7152",
	doi = "https://doi.org/10.1016/0167-7152(92)90064-C",
	author = "Winfried Stute",
	keywords = "Koziol—Green proportional hazards model, random censorship, nonparametric MLE, consistency"
}

@article{stute1995asymptotic,
	ISSN = {00905364},
	author = {Winfried Stute},
	journal = {The Annals of Statistics},
	number = {2},
	pages = {422--439},
	publisher = {Institute of Mathematical Statistics},
	title = {The Central Limit Theorem Under Random Censorship},
	volume = {23},
	year = {1995}
}

@article{bose1999strong,
	title={The strong law of large numbers for Kaplan-Meier U-statistics},
	author={Bose, Arup and Sen, Arusharka},
	journal={Journal of Theoretical Probability},
	volume={12},
	number={1},
	pages={181--200},
	year={1999},
	publisher={Springer}
}

@article{bose2002asymptotic,
	title={Asymptotic distribution of the Kaplan--Meier U-statistics},
	author={Bose, Arup and Sen, Arusharka},
	journal={Journal of multivariate analysis},
	volume={83},
	number={1},
	pages={84--123},
	year={2002},
	publisher={Elsevier}
}

@article{dikta1995asymptotic,
	author = {G. Dikta },
	title = {Asymptotic normality under the koziol-green model},
	journal = {Communications in Statistics - Theory and Methods},
	volume = {24},
	number = {6},
	pages = {1537-1549},
	year  = {1995},
	publisher = {Taylor \& Francis},
	doi = {10.1080/03610929508831570},
}

@article{dikta1998semiparametric,
	title={On semiparametric random censorship models},
	author={Dikta, Gerhard},
	journal={Journal of Statistical Planning and Inference},
	volume={66},
	number={2},
	pages={253--279},
	year={1998},
	publisher={Elsevier}
}

@article{dikta2000strong,
	title={The strong law under semiparametric random censorship models},
	author={Dikta, Gerhard},
	journal={Journal of Statistical Planning and Inference},
	volume={83},
	number={1},
	pages={1--10},
	year={2000},
	publisher={Elsevier}
}

@article{dikta2005central,
	title={The central limit theorem under semiparametric random censorship models},
	author={Dikta, Gerhard and Ghorai, Jugal and Schmidt, Christian},
	journal={Journal of statistical planning and inference},
	volume={127},
	number={1},
	pages={23--51},
	year={2005},
	publisher={Elsevier}
}

@article{dikta2014efficient,
	title = "Asymptotically efficient estimation under semi-parametric random censorship models",
	journal = "Journal of Multivariate Analysis",
	volume = "124",
	pages = "10 - 24",
	year = "2014",
	issn = "0047-259X",
	doi = "https://doi.org/10.1016/j.jmva.2013.10.002",
	author = "Gerhard Dikta",
	keywords = "Survival analysis, Censored data, Semi-parametric random censorship model, Asymptotic efficiency"
}

@article{dikta2016volterra,
	title = "Semi-parametric survival function estimators deduced from an identifying Volterra type integral equation",
	journal = "Journal of Multivariate Analysis",
	volume = "147",
	pages = "273 - 284",
	year = "2016",
	issn = "0047-259X",
	doi = "https://doi.org/10.1016/j.jmva.2016.02.008",
	author = "Gerhard Dikta and Martin Rei{\ss}el and Carsten Harla{\ss}",
	keywords = "Survival analysis, Censored data, Semi-parametric random censorship model, Asymptotic efficiency, Product-integration, Volterra integral equation"
}

@article{rosenblatt1952remarks,
	title={Remarks on a multivariate transformation},
	author={Rosenblatt, Murray},
	journal={The annals of mathematical statistics},
	volume={23},
	number={3},
	pages={470--472},
	year={1952},
	publisher={JSTOR}
}

@book{neveu1975discrete,
	title={Discrete-parameter martingales},
	author={Neveu, Jacques},
	volume={10},
	year={1975},
	publisher={Elsevier}
}

@book{cox1970binary,
	title="The analysis of binary data",
	author="Cox, D.R.",
	year="1970",
	isbn = "0-412-30620-4",
	publisher="Chapman {{\&}} Hall"
}

@book{collett2014modelling,
	title="Modelling Survival Data in Medical Research",
	author="Collett, D.",
	year="2014",
	isbn = "0-412-30620-4",
	publisher="Chapman {\&} Hall"
}

@article{nelson1972theory,
	author = "Wayne Nelson ",
	title = "Theory and Applications of Hazard Plotting for Censored Failure Data",
	journal = "Technometrics",
	volume = "14",
	number = "4",
	pages = "945-966",
	year  = "1972",
	publisher = "Taylor {\&} Francis",
}

@article{aalen1978nonparametric,
	ISSN = {00905364},
	author = {Odd Aalen},
	journal = {The Annals of Statistics},
	number = {4},
	pages = {701--726},
	publisher = {Institute of Mathematical Statistics},
	title = {Nonparametric Inference for a Family of Counting Processes},
	volume = {6},
	year = {1978}
}

@article{kaplan1958nonparametric,
	title="Nonparametric estimation from incomplete observations",
	author="Kaplan, Edward L and Meier, Paul",
	journal="Journal of the American statistical association",
	volume="53",
	number="282",
	pages="457--481",
	year="1958",
	publisher="Taylor {\&} Francis"
}

@article{koziol1976cramer,
	author = {Koziol, James A. and Green, Sylvan B.},
	title = {A Cramér-von Mises statistic for randomly censored data},
	journal = {Biometrika},
	volume = {63},
	number = {3},
	pages = {465-474},
	year = {1976},
	doi = {10.1093/biomet/63.3.465},
}

@article{cheng1987mle,
	title = "Maximum likelihood estimation of a survival function under the Koziol-Green proportional hazards model",
	journal = "Statistics {\&} Probability Letters",
	volume = "5",
	number = "1",
	pages = "75 - 80",
	year = "1987",
	issn = "0167-7152",
	doi = "https://doi.org/10.1016/0167-7152(87)90030-7",
	author = "Philip E Cheng and Gwo Dong Lin",
	keywords = "competing risks model, censored data, product limit estimator, survival function, LIL, weak convergence, asymptotic efficiency"
}

@book{david2003order,
	title="Order Statistics",
	author="David, Herbert Aaron and Nagaraja, H. N.",
	volume="3",
	year="2003",
	publisher="John Wiley {\&} Sons, Inc."
}

@book{shorack2009empirical,
  title={Empirical Processes with Applications to Statistics},
  author={Shorack, G.R. and Wellner, J.A.},
  isbn={9780898719017},
  series={Classics in Applied Mathematics},
  year={2009},
  publisher={Society for Industrial and Applied Mathematics (SIAM, 3600 Market Street, Floor 6, Philadelphia, PA 19104)}
}

@book{lee1990u,
	title={U-Statistics: Theory and Practice},
	author={Lee, J.A.},
	isbn={9780824782535},
	lccn={90003458},
	series={Statistics:  A Series of Textbooks and Monographs},
	year={1990},
	publisher={Taylor {\&} Francis}
}

@book{van2000asymptotic,
	title={Asymptotic Statistics},
	author={van der Vaart, A.W.},
	isbn={9781107268449},
	series={Cambridge Series in Statistical and Probabilistic Mathematics},
	year={2000},
	publisher={Cambridge University Press}
}

@book{cohn2013measure,
	title={Measure Theory},
	author={Cohn, D.L.},
	isbn={9781489903990},
	lccn={80014768},
	year={2013},
	publisher={Birkh{\"a}user Boston}
}

@phdthesis{harlass2016,
	author       = {Harla{\ss}, Carsten}, 
	title        = {Density Estimation for Lifetime Distributions Under Semi-parametric Random Censorship Models},
	school       = {University of Wisconsin - Milwaukee},
	year         = 2016,
	note         = {https://dc.uwm.edu/etd/1374}
}

@article{breslow1974largesample,
	ISSN = {00905364},
	author = {N. Breslow and J. Crowley},
	journal = {The Annals of Statistics},
	number = {3},
	pages = {437--453},
	publisher = {Institute of Mathematical Statistics},
	title = {A Large Sample Study of the Life Table and Product Limit Estimates Under Random Censorship},
	volume = {2},
	year = {1974}
}
